[gd_scene load_steps=7 format=2]

[ext_resource path="res://scripts/achievements_panel.gd" type="Script" id=1]

[sub_resource type="StyleBoxFlat" id=1]
bg_color = Color( 0.0627451, 0.0509804, 0.0509804, 0.705882 )
corner_radius_top_left = 10
corner_radius_top_right = 10
corner_radius_bottom_right = 10
corner_radius_bottom_left = 10

[sub_resource type="DynamicFontData" id=4]
font_path = "res://assets/fonts/Note-this/Note_this.ttf"

[sub_resource type="DynamicFont" id=5]
size = 36
font_data = SubResource( 4 )

[sub_resource type="DynamicFontData" id=6]
font_path = "res://assets/fonts/Note-this/Note_this.ttf"

[sub_resource type="DynamicFont" id=7]
size = 40
font_data = SubResource( 6 )

[node name="root" type="Control"]
margin_right = 600.0
margin_bottom = 147.0
rect_min_size = Vector2( 600, 147 )
size_flags_horizontal = 3
size_flags_vertical = 3
script = ExtResource( 1 )
__meta__ = {
"_edit_use_anchors_": false
}

[node name="achievementPanel" type="Control" parent="."]
anchor_right = 1.0
anchor_bottom = 1.0
__meta__ = {
"_edit_use_anchors_": false
}

[node name="PanelContainer" type="PanelContainer" parent="achievementPanel"]
anchor_right = 1.0
anchor_bottom = 1.0
margin_left = 30.0
margin_top = 15.0
margin_right = -30.0
margin_bottom = -15.0
custom_styles/panel = SubResource( 1 )
__meta__ = {
"_edit_use_anchors_": false
}

[node name="achievementIcon" type="MarginContainer" parent="achievementPanel"]
margin_left = 41.0
margin_top = 21.0
margin_right = 144.0
margin_bottom = 124.0
__meta__ = {
"_edit_use_anchors_": false
}

[node name="TextureRect" type="TextureRect" parent="achievementPanel/achievementIcon"]
margin_right = 103.0
margin_bottom = 103.0
expand = true

[node name="achievementDescription" type="MarginContainer" parent="achievementPanel"]
anchor_right = 1.0
anchor_bottom = 1.0
margin_left = 168.0
margin_top = 62.0
margin_right = -47.0
margin_bottom = -30.0
__meta__ = {
"_edit_use_anchors_": false
}

[node name="description" type="Label" parent="achievementPanel/achievementDescription"]
margin_top = 3.0
margin_right = 385.0
margin_bottom = 51.0
custom_fonts/font = SubResource( 5 )
autowrap = true

[node name="mainTitle" type="Label" parent="achievementPanel"]
anchor_right = 1.0
anchor_bottom = 1.0
margin_left = 168.0
margin_top = 16.0
margin_right = -50.0
margin_bottom = -94.0
custom_fonts/font = SubResource( 7 )
text = "Achievement Unlocked!"
__meta__ = {
"_edit_use_anchors_": false
}
