[gd_scene load_steps=89 format=2]

[ext_resource path="res://assets/art/containers/fridge_large_closed.png" type="Texture" id=1]
[ext_resource path="res://assets/art/containers/fridge_large_open.png" type="Texture" id=2]
[ext_resource path="res://assets/art/containers/table.png" type="Texture" id=3]
[ext_resource path="res://assets/art/ui/noun_exit button_261420.svg" type="Texture" id=4]
[ext_resource path="res://ingredients/Seaweed.tscn" type="PackedScene" id=5]
[ext_resource path="res://ingredients/Black Pepper.tscn" type="PackedScene" id=6]
[ext_resource path="res://ingredients/Corn.tscn" type="PackedScene" id=7]
[ext_resource path="res://assets/art/containers/pantry_closed.png" type="Texture" id=8]
[ext_resource path="res://ingredients/Zucchini.tscn" type="PackedScene" id=9]
[ext_resource path="res://ingredients/Cabbage.tscn" type="PackedScene" id=10]
[ext_resource path="res://ingredients/Soy Sauce.tscn" type="PackedScene" id=11]
[ext_resource path="res://ingredients/Coconut.tscn" type="PackedScene" id=12]
[ext_resource path="res://ingredients/Mashed Potatoes.tscn" type="PackedScene" id=13]
[ext_resource path="res://ingredients/Coffee.tscn" type="PackedScene" id=14]
[ext_resource path="res://ingredients/Yarn.tscn" type="PackedScene" id=15]
[ext_resource path="res://ingredients/Mud.tscn" type="PackedScene" id=16]
[ext_resource path="res://ingredients/Shredded Paper.tscn" type="PackedScene" id=17]
[ext_resource path="res://ingredients/Hay.tscn" type="PackedScene" id=18]
[ext_resource path="res://ingredients/Soap.tscn" type="PackedScene" id=19]
[ext_resource path="res://ingredients/Glue.tscn" type="PackedScene" id=20]
[ext_resource path="res://assets/fonts/note_this_48.tres" type="DynamicFont" id=21]
[ext_resource path="res://scripts/Main.gd" type="Script" id=22]
[ext_resource path="res://ingredients/Frittata.tscn" type="PackedScene" id=23]
[ext_resource path="res://ingredients/Pumpkin.tscn" type="PackedScene" id=24]
[ext_resource path="res://ingredients/Banana.tscn" type="PackedScene" id=25]
[ext_resource path="res://ingredients/Olive Oil.tscn" type="PackedScene" id=26]
[ext_resource path="res://ingredients/Oregano.tscn" type="PackedScene" id=27]
[ext_resource path="res://ingredients/Potato.tscn" type="PackedScene" id=28]
[ext_resource path="res://ingredients/Flour.tscn" type="PackedScene" id=29]
[ext_resource path="res://ingredients/Salt.tscn" type="PackedScene" id=30]
[ext_resource path="res://ingredients/Onion.tscn" type="PackedScene" id=31]
[ext_resource path="res://ingredients/Macaroni.tscn" type="PackedScene" id=32]
[ext_resource path="res://ingredients/Garlic.tscn" type="PackedScene" id=33]
[ext_resource path="res://assets/art/containers/pantry.png" type="Texture" id=34]
[ext_resource path="res://ingredients/Cheese.tscn" type="PackedScene" id=35]
[ext_resource path="res://ingredients/Soda.tscn" type="PackedScene" id=36]
[ext_resource path="res://ingredients/Fruit Punch.tscn" type="PackedScene" id=37]
[ext_resource path="res://ingredients/Carrot.tscn" type="PackedScene" id=38]
[ext_resource path="res://ingredients/Wasabi.tscn" type="PackedScene" id=39]
[ext_resource path="res://ingredients/Cauliflower.tscn" type="PackedScene" id=40]
[ext_resource path="res://ingredients/Tofu.tscn" type="PackedScene" id=41]
[ext_resource path="res://ingredients/Ketchup.tscn" type="PackedScene" id=42]
[ext_resource path="res://ingredients/Pizza Crust.tscn" type="PackedScene" id=43]
[ext_resource path="res://ingredients/Hash Brown.tscn" type="PackedScene" id=44]
[ext_resource path="res://ingredients/Bell Pepper.tscn" type="PackedScene" id=45]
[ext_resource path="res://ingredients/Olive.tscn" type="PackedScene" id=46]
[ext_resource path="res://ingredients/Ham.tscn" type="PackedScene" id=47]
[ext_resource path="res://ingredients/Chicken.tscn" type="PackedScene" id=48]
[ext_resource path="res://ingredients/Chickpeas.tscn" type="PackedScene" id=49]
[ext_resource path="res://ingredients/Mushroom.tscn" type="PackedScene" id=50]
[ext_resource path="res://ingredients/Bacon.tscn" type="PackedScene" id=51]
[ext_resource path="res://ingredients/Water.tscn" type="PackedScene" id=52]
[ext_resource path="res://ingredients/Pillow.tscn" type="PackedScene" id=53]
[ext_resource path="res://ingredients/Tennis Ball.tscn" type="PackedScene" id=54]
[ext_resource path="res://ingredients/Red Paint.tscn" type="PackedScene" id=55]
[ext_resource path="res://ingredients/Toothpaste.tscn" type="PackedScene" id=56]
[ext_resource path="res://ingredients/Sponge.tscn" type="PackedScene" id=57]
[ext_resource path="res://ingredients/Lemon Juice.tscn" type="PackedScene" id=58]
[ext_resource path="res://ingredients/French_Fries.tscn" type="PackedScene" id=59]
[ext_resource path="res://ingredients/Milk.tscn" type="PackedScene" id=60]
[ext_resource path="res://ingredients/Waffle.tscn" type="PackedScene" id=61]
[ext_resource path="res://ingredients/Gravy.tscn" type="PackedScene" id=62]
[ext_resource path="res://ingredients/Hot Sauce.tscn" type="PackedScene" id=63]
[ext_resource path="res://ingredients/Fish.tscn" type="PackedScene" id=64]
[ext_resource path="res://ingredients/Broccoli.tscn" type="PackedScene" id=65]
[ext_resource path="res://ingredients/Tomato.tscn" type="PackedScene" id=66]
[ext_resource path="res://ingredients/Cheese Sauce.tscn" type="PackedScene" id=67]
[ext_resource path="res://ingredients/Pasta Sauce.tscn" type="PackedScene" id=68]
[ext_resource path="res://ingredients/Bubble Wrap.tscn" type="PackedScene" id=69]
[ext_resource path="res://ingredients/Packing Peanuts.tscn" type="PackedScene" id=70]
[ext_resource path="res://assets/fonts/note_this_64.tres" type="DynamicFont" id=71]
[ext_resource path="res://assets/fonts/note_this.tres" type="DynamicFont" id=72]
[ext_resource path="res://assets/themes/Checkbox.tres" type="Theme" id=73]
[ext_resource path="res://assets/audio/music/Chef.ogg" type="AudioStream" id=74]
[ext_resource path="res://ingredients/Strawberry Jam.tscn" type="PackedScene" id=75]
[ext_resource path="res://ingredients/Wheat.tscn" type="PackedScene" id=76]
[ext_resource path="res://scenes/RecipeInfo.tscn" type="PackedScene" id=77]
[ext_resource path="res://assets/art/ui/close_white.png" type="Texture" id=78]
[ext_resource path="res://ingredients/Lava Lamp.tscn" type="PackedScene" id=79]
[ext_resource path="res://ingredients/Pineapple.tscn" type="PackedScene" id=80]
[ext_resource path="res://ingredients/Butter.tscn" type="PackedScene" id=81]
[ext_resource path="res://scripts/IngredientDescriptionPlayer.gd" type="Script" id=82]
[ext_resource path="res://ingredients/Sugar.tscn" type="PackedScene" id=83]
[ext_resource path="res://ingredients/Popcorn.tscn" type="PackedScene" id=84]
[ext_resource path="res://addons/gd-achievements/scripts/achievement_notifications.gd" type="Script" id=85]

[sub_resource type="RectangleShape2D" id=1]
extents = Vector2( 340.122, 271.212 )

[sub_resource type="RectangleShape2D" id=2]
extents = Vector2( 219.675, 243.91 )

[sub_resource type="RectangleShape2D" id=3]
extents = Vector2( 157.846, 371.584 )

[node name="Kitchen" type="Node2D"]
script = ExtResource( 22 )

[node name="Table Area" type="Area2D" parent="."]

[node name="Table" type="Sprite" parent="Table Area"]
position = Vector2( 349.233, 286.869 )
scale = Vector2( 0.6, 0.6 )
texture = ExtResource( 3 )

[node name="CollisionShape2D" type="CollisionShape2D" parent="Table Area"]
position = Vector2( 344.281, 284.255 )
shape = SubResource( 1 )

[node name="Pantry Area" type="Area2D" parent="."]

[node name="Pantry" type="Sprite" parent="Pantry Area"]
position = Vector2( 954.152, 251.233 )
scale = Vector2( 0.6, 0.6 )
texture = ExtResource( 8 )

[node name="CollisionShape2D" type="CollisionShape2D" parent="Pantry Area"]
position = Vector2( 957.152, 250.53 )
shape = SubResource( 2 )

[node name="Fridge Area" type="Area2D" parent="."]

[node name="Fridge" type="Sprite" parent="Fridge Area"]
position = Vector2( 1232.11, 10.6907 )
scale = Vector2( 0.6, 0.6 )
texture = ExtResource( 1 )
centered = false

[node name="CollisionShape2D" type="CollisionShape2D" parent="Fridge Area"]
position = Vector2( 1410.84, 377.401 )
shape = SubResource( 3 )

[node name="RecipeButton" type="Button" parent="."]
margin_left = 874.0
margin_top = 706.0
margin_right = 1186.0
margin_bottom = 799.0
__meta__ = {
"_edit_use_anchors_": false
}

[node name="Label" type="Label" parent="RecipeButton"]
margin_right = 312.0
margin_bottom = 92.0
custom_fonts/font = ExtResource( 71 )
text = "Recipe"
align = 1
__meta__ = {
"_edit_lock_": true
}

[node name="StartButton" type="Button" parent="."]
margin_left = 66.0
margin_top = 704.0
margin_right = 443.0
margin_bottom = 797.0
__meta__ = {
"_edit_use_anchors_": false
}

[node name="Label" type="Label" parent="StartButton"]
margin_right = 377.0
margin_bottom = 92.0
custom_fonts/font = ExtResource( 71 )
text = "Back to Start"
align = 1
__meta__ = {
"_edit_lock_": true
}

[node name="Table View" type="Node2D" parent="."]
visible = false

[node name="Table Open" type="Sprite" parent="Table View"]
position = Vector2( 812.744, 706.852 )
scale = Vector2( 1.4, 1.4 )
texture = ExtResource( 3 )

[node name="Pumpkin" parent="Table View/Table Open" instance=ExtResource( 24 )]
position = Vector2( -402.064, -414.682 )
scale = Vector2( 0.357143, 0.357143 )

[node name="Coconut" parent="Table View/Table Open" instance=ExtResource( 12 )]
position = Vector2( -301.117, -411.24 )
scale = Vector2( 0.357143, 0.357143 )

[node name="Pineapple" parent="Table View/Table Open" instance=ExtResource( 80 )]
position = Vector2( -209.922, -430.741 )
scale = Vector2( 0.535714, 0.535714 )

[node name="Banana" parent="Table View/Table Open" instance=ExtResource( 25 )]
position = Vector2( -122.168, -395.754 )
scale = Vector2( 0.357143, 0.357143 )

[node name="Corn" parent="Table View/Table Open" instance=ExtResource( 7 )]
position = Vector2( -20.8462, -413.542 )
scale = Vector2( 0.357143, 0.357143 )

[node name="Mashed Potatoes" parent="Table View/Table Open" instance=ExtResource( 13 )]
position = Vector2( 80.9171, -394.754 )
scale = Vector2( 0.357143, 0.357143 )

[node name="Frittata" parent="Table View/Table Open" instance=ExtResource( 23 )]
position = Vector2( 183.538, -403.784 )
scale = Vector2( 0.357143, 0.357143 )

[node name="Coffee" parent="Table View/Table Open" instance=ExtResource( 14 )]
position = Vector2( 289.118, -401.063 )
scale = Vector2( 0.357143, 0.357143 )

[node name="Water" parent="Table View/Table Open" instance=ExtResource( 52 )]
position = Vector2( 387.77, -413.108 )
scale = Vector2( 0.357143, 0.357143 )

[node name="Yarn" parent="Table View/Table Open" instance=ExtResource( 15 )]
position = Vector2( -428.402, -309.294 )
scale = Vector2( 0.357143, 0.357143 )

[node name="Mud" parent="Table View/Table Open" instance=ExtResource( 16 )]
position = Vector2( -306.78, -305.389 )
scale = Vector2( 0.892857, 0.892857 )

[node name="Tennis Ball" parent="Table View/Table Open" instance=ExtResource( 54 )]
position = Vector2( -202.229, -311.45 )
scale = Vector2( 0.357143, 0.357143 )

[node name="Red Paint" parent="Table View/Table Open" instance=ExtResource( 55 )]
position = Vector2( 460.431, -203.869 )
scale = Vector2( 0.535714, 0.535714 )

[node name="Pillow" parent="Table View/Table Open" instance=ExtResource( 53 )]
position = Vector2( -99.1935, -298.318 )
scale = Vector2( 0.357143, 0.357143 )

[node name="Glue" parent="Table View/Table Open" instance=ExtResource( 20 )]
position = Vector2( -11.8152, -306.904 )
scale = Vector2( 0.178571, 0.178571 )

[node name="Lava Lamp" parent="Table View/Table Open" instance=ExtResource( 79 )]
position = Vector2( 382.649, -233.163 )
scale = Vector2( 0.714286, 0.714286 )

[node name="Packing Peanuts" parent="Table View/Table Open" instance=ExtResource( 70 )]
position = Vector2( 99.3015, -301.349 )
scale = Vector2( 0.714286, 0.714286 )

[node name="Bubble Wrap" parent="Table View/Table Open" instance=ExtResource( 69 )]
position = Vector2( 235.672, -302.359 )
scale = Vector2( 0.357143, 0.357143 )

[node name="Shredded Paper" parent="Table View/Table Open" instance=ExtResource( 17 )]
position = Vector2( 240.723, -190.737 )
scale = Vector2( 0.357143, 0.357143 )

[node name="Toothpaste" parent="Table View/Table Open" instance=ExtResource( 56 )]
position = Vector2( -461.838, -192.252 )
scale = Vector2( 0.535714, 0.535714 )

[node name="Hay" parent="Table View/Table Open" instance=ExtResource( 18 )]
position = Vector2( -36.0588, -191.242 )
scale = Vector2( 0.357143, 0.357143 )

[node name="Soap" parent="Table View/Table Open" instance=ExtResource( 19 )]
position = Vector2( -184.551, -191.242 )
scale = Vector2( 0.714286, 0.714286 )

[node name="Sponge" parent="Table View/Table Open" instance=ExtResource( 57 )]
position = Vector2( -329.508, -192.252 )
scale = Vector2( 0.535714, 0.535714 )

[node name="CloseTableButton" type="TextureButton" parent="Table View"]
margin_left = 1432.0
margin_top = 16.0
margin_right = 1574.0
margin_bottom = 182.0
texture_normal = ExtResource( 4 )
expand = true
stretch_mode = 4
__meta__ = {
"_edit_use_anchors_": false
}

[node name="Pantry View" type="Node2D" parent="."]
visible = false

[node name="Pantry Open" type="Sprite" parent="Pantry View"]
position = Vector2( 795.753, 482.591 )
texture = ExtResource( 34 )

[node name="Black Pepper" parent="Pantry View/Pantry Open" instance=ExtResource( 6 )]
position = Vector2( -221.622, -183.882 )
scale = Vector2( 0.6, 0.6 )

[node name="Salt" parent="Pantry View/Pantry Open" instance=ExtResource( 30 )]
position = Vector2( -17.6655, -187.094 )
scale = Vector2( 0.6, 0.6 )

[node name="Flour" parent="Pantry View/Pantry Open" instance=ExtResource( 29 )]
position = Vector2( 187.897, -227.243 )
scale = Vector2( 0.6, 0.6 )

[node name="Butter" parent="Pantry View/Pantry Open" instance=ExtResource( 81 )]
position = Vector2( 204.652, 150.354 )
scale = Vector2( 0.6, 0.6 )

[node name="Olive Oil" parent="Pantry View/Pantry Open" instance=ExtResource( 26 )]
position = Vector2( -266.589, -39.346 )
scale = Vector2( 0.75, 0.75 )

[node name="Soy Sauce" parent="Pantry View/Pantry Open" instance=ExtResource( 11 )]
position = Vector2( -164.611, -36.1341 )
scale = Vector2( 0.75, 0.75 )

[node name="Potato" parent="Pantry View/Pantry Open" instance=ExtResource( 28 )]
position = Vector2( -245.952, 311.454 )
scale = Vector2( 0.5, 0.5 )

[node name="Macaroni" parent="Pantry View/Pantry Open" instance=ExtResource( 32 )]
position = Vector2( 93.1457, -9.6358 )
scale = Vector2( 0.5, 0.5 )

[node name="Garlic" parent="Pantry View/Pantry Open" instance=ExtResource( 33 )]
position = Vector2( -251.136, 132.182 )
scale = Vector2( 0.5, 0.5 )

[node name="Onion" parent="Pantry View/Pantry Open" instance=ExtResource( 31 )]
position = Vector2( 243.273, -4.29602 )
scale = Vector2( 0.5, 0.5 )

[node name="Oregano" parent="Pantry View/Pantry Open" instance=ExtResource( 27 )]
position = Vector2( 38.803, 141.915 )
scale = Vector2( 0.3, 0.3 )

[node name="Seaweed" parent="Pantry View/Pantry Open" instance=ExtResource( 5 )]
position = Vector2( -97, 148 )
scale = Vector2( 0.5, 0.5 )

[node name="Strawberry Jam" parent="Pantry View/Pantry Open" instance=ExtResource( 75 )]
position = Vector2( -46, -18 )

[node name="Wheat" parent="Pantry View/Pantry Open" instance=ExtResource( 76 )]
position = Vector2( -66, 296 )
scale = Vector2( 0.5, 0.5 )

[node name="Sugar" parent="Pantry View/Pantry Open" instance=ExtResource( 83 )]
position = Vector2( 97.1541, 299.13 )
scale = Vector2( 0.6, 0.6 )

[node name="Popcorn" parent="Pantry View/Pantry Open" instance=ExtResource( 84 )]
position = Vector2( 235.466, 300.52 )
scale = Vector2( 0.5, 0.5 )

[node name="ClosePantryButton" type="TextureButton" parent="Pantry View"]
margin_left = 1373.0
margin_top = 29.0
margin_right = 1515.0
margin_bottom = 195.0
texture_normal = ExtResource( 4 )
expand = true
stretch_mode = 4
__meta__ = {
"_edit_use_anchors_": false
}

[node name="Fridge View" type="Node2D" parent="."]
visible = false

[node name="CloseFridgeButton" type="TextureButton" parent="Fridge View"]
margin_left = 1168.0
margin_top = 10.0
margin_right = 1310.0
margin_bottom = 176.0
texture_normal = ExtResource( 4 )
expand = true
stretch_mode = 4
__meta__ = {
"_edit_use_anchors_": false
}

[node name="Fridge Open" type="Sprite" parent="Fridge View"]
position = Vector2( 764.408, 457.673 )
scale = Vector2( 0.75, 0.75 )
texture = ExtResource( 2 )

[node name="Pizza Crust" parent="Fridge View/Fridge Open" instance=ExtResource( 43 )]
position = Vector2( -373.884, -498.045 )
scale = Vector2( 0.5, 0.5 )

[node name="French Fries" parent="Fridge View/Fridge Open" instance=ExtResource( 59 )]
position = Vector2( -234.76, -503.46 )
scale = Vector2( 0.5, 0.5 )

[node name="Bacon" parent="Fridge View/Fridge Open" instance=ExtResource( 51 )]
position = Vector2( -91.4526, -471.405 )
scale = Vector2( 0.5, 0.5 )

[node name="Chicken" parent="Fridge View/Fridge Open" instance=ExtResource( 48 )]
position = Vector2( -386.552, -370.524 )
scale = Vector2( 0.5, 0.5 )

[node name="Fish" parent="Fridge View/Fridge Open" instance=ExtResource( 64 )]
position = Vector2( -231.931, -375.238 )
scale = Vector2( 0.5, 0.5 )

[node name="Ham" parent="Fridge View/Fridge Open" instance=ExtResource( 47 )]
position = Vector2( -86.7386, -370.524 )
scale = Vector2( 0.5, 0.5 )

[node name="Hash Brown" parent="Fridge View/Fridge Open" instance=ExtResource( 44 )]
position = Vector2( 125.393, -502.517 )
scale = Vector2( 0.5, 0.5 )

[node name="Waffle" parent="Fridge View/Fridge Open" instance=ExtResource( 61 )]
position = Vector2( 270.552, -498.037 )
scale = Vector2( 0.5, 0.5 )

[node name="Cabbage" parent="Fridge View/Fridge Open" instance=ExtResource( 10 )]
position = Vector2( -369.581, -132.936 )
scale = Vector2( 0.5, 0.5 )

[node name="Cauliflower" parent="Fridge View/Fridge Open" instance=ExtResource( 40 )]
position = Vector2( -232.874, -138.593 )
scale = Vector2( 0.4, 0.4 )

[node name="Broccoli" parent="Fridge View/Fridge Open" instance=ExtResource( 65 )]
position = Vector2( -93.3382, -140.479 )
scale = Vector2( 0.5, 0.5 )

[node name="Mushroom" parent="Fridge View/Fridge Open" instance=ExtResource( 50 )]
position = Vector2( -374.295, 23.5703 )
scale = Vector2( 0.5, 0.5 )

[node name="Bell Pepper" parent="Fridge View/Fridge Open" instance=ExtResource( 45 )]
position = Vector2( -222.503, 21.6846 )
scale = Vector2( 0.5, 0.5 )

[node name="Tomato" parent="Fridge View/Fridge Open" instance=ExtResource( 66 )]
position = Vector2( -86.7385, 26.3987 )
scale = Vector2( 0.5, 0.5 )

[node name="Chickpeas" parent="Fridge View/Fridge Open" instance=ExtResource( 49 )]
position = Vector2( -365.81, 197.047 )
scale = Vector2( 0.6, 0.6 )

[node name="Olive" parent="Fridge View/Fridge Open" instance=ExtResource( 46 )]
position = Vector2( -93.3381, 210.246 )
scale = Vector2( 0.4, 0.4 )

[node name="Carrot" parent="Fridge View/Fridge Open" instance=ExtResource( 38 )]
position = Vector2( -124.451, 416.721 )
scale = Vector2( 0.6, 0.6 )

[node name="Zucchini" parent="Fridge View/Fridge Open" instance=ExtResource( 9 )]
position = Vector2( -335.64, 409.179 )
rotation = 1.5708
scale = Vector2( 0.6, 0.6 )

[node name="Fruit Punch" parent="Fridge View/Fridge Open" instance=ExtResource( 37 )]
position = Vector2( 121.622, -166.877 )
scale = Vector2( 0.6, 0.6 )

[node name="Soda" parent="Fridge View/Fridge Open" instance=ExtResource( 36 )]
position = Vector2( 275.3, -164.049 )
scale = Vector2( 0.6, 0.6 )

[node name="Lemon Juice" parent="Fridge View/Fridge Open" instance=ExtResource( 58 )]
position = Vector2( 412.007, -164.049 )
scale = Vector2( 0.6, 0.6 )

[node name="Milk" parent="Fridge View/Fridge Open" instance=ExtResource( 60 )]
position = Vector2( 114.08, 8.48529 )
scale = Vector2( 0.6, 0.6 )

[node name="Cheese" parent="Fridge View/Fridge Open" instance=ExtResource( 35 )]
position = Vector2( 252.673, 24.513 )
scale = Vector2( 0.6, 0.6 )

[node name="Tofu" parent="Fridge View/Fridge Open" instance=ExtResource( 41 )]
position = Vector2( 413.893, 32.9983 )
scale = Vector2( 0.6, 0.6 )

[node name="Ketchup" parent="Fridge View/Fridge Open" instance=ExtResource( 42 )]
position = Vector2( 103.709, 172.534 )
scale = Vector2( 0.6, 0.6 )

[node name="Hot Sauce" parent="Fridge View/Fridge Open" instance=ExtResource( 63 )]
position = Vector2( 285.671, 178.191 )
scale = Vector2( 0.6, 0.6 )

[node name="Wasabi" parent="Fridge View/Fridge Open" instance=ExtResource( 39 )]
position = Vector2( 450.663, 174.42 )
scale = Vector2( 0.6, 0.6 )

[node name="Cheese Sauce" parent="Fridge View/Fridge Open" instance=ExtResource( 67 )]
position = Vector2( 128.222, 393.151 )
scale = Vector2( 0.6, 0.6 )

[node name="Gravy" parent="Fridge View/Fridge Open" instance=ExtResource( 62 )]
position = Vector2( 281.9, 393.151 )
scale = Vector2( 0.6, 0.6 )

[node name="Pasta Sauce" parent="Fridge View/Fridge Open" instance=ExtResource( 68 )]
position = Vector2( 431.807, 398.808 )
scale = Vector2( 0.6, 0.6 )

[node name="IngredientPopup" type="Popup" parent="."]
margin_left = 250.0
margin_top = 89.0
margin_right = 1283.0
margin_bottom = 750.0
__meta__ = {
"_edit_use_anchors_": false
}

[node name="ColorRect" type="ColorRect" parent="IngredientPopup"]
anchor_right = 1.0
anchor_bottom = 1.0
margin_left = 1.0
margin_top = 1.0
margin_right = 1.0
margin_bottom = 1.0
color = Color( 0.0901961, 0.407843, 0.576471, 1 )
__meta__ = {
"_edit_use_anchors_": false
}

[node name="IngredientName" type="Label" parent="IngredientPopup"]
anchor_right = 1.0
margin_bottom = 168.0
custom_fonts/font = ExtResource( 72 )
text = "Ingredient name"
align = 1

[node name="IngredientDescription" type="Label" parent="IngredientPopup"]
anchor_right = 1.0
anchor_bottom = 1.0
margin_left = 30.0
margin_top = 181.0
margin_right = -49.0
margin_bottom = -127.0
custom_fonts/font = ExtResource( 71 )
text = "Ingredient description"
align = 1
autowrap = true
__meta__ = {
"_edit_use_anchors_": false
}

[node name="CancelButton" type="Button" parent="IngredientPopup"]
margin_left = 49.0
margin_top = 547.0
margin_right = 254.0
margin_bottom = 625.0
__meta__ = {
"_edit_use_anchors_": false
}

[node name="CancelLabel" type="Label" parent="IngredientPopup/CancelButton"]
anchor_left = 0.5
anchor_top = 0.5
anchor_right = 0.5
anchor_bottom = 0.5
margin_left = -76.0
margin_top = -42.5
margin_right = 76.0
margin_bottom = 42.5
custom_fonts/font = ExtResource( 71 )
text = "Cancel"
__meta__ = {
"_edit_use_anchors_": false
}

[node name="AddButton" type="Button" parent="IngredientPopup"]
margin_left = 614.0
margin_top = 549.0
margin_right = 997.0
margin_bottom = 627.0
__meta__ = {
"_edit_use_anchors_": false
}

[node name="AddLabel" type="Label" parent="IngredientPopup/AddButton"]
anchor_left = 0.5
anchor_top = 0.5
anchor_right = 0.5
anchor_bottom = 0.5
margin_left = -180.5
margin_top = -42.5
margin_right = 180.5
margin_bottom = 42.5
custom_fonts/font = ExtResource( 71 )
text = "Add to recipe"
__meta__ = {
"_edit_use_anchors_": false
}

[node name="Recipe" type="Popup" parent="."]
margin_left = 82.0
margin_top = 67.0
margin_right = 1487.0
margin_bottom = 833.0

[node name="ColorRect" type="ColorRect" parent="Recipe"]
margin_top = -1.0
margin_right = 1407.0
margin_bottom = 768.0
mouse_filter = 2
color = Color( 0.0901961, 0.407843, 0.576471, 1 )

[node name="VBoxContainer" type="VBoxContainer" parent="Recipe"]
anchor_right = 1.0
margin_left = 20.0
margin_right = -20.0
margin_bottom = 257.0
__meta__ = {
"_edit_use_anchors_": false
}

[node name="RecipeLabel" type="Label" parent="Recipe/VBoxContainer"]
margin_right = 1365.0
margin_bottom = 168.0
custom_fonts/font = ExtResource( 72 )
text = "Recipe"
align = 1
__meta__ = {
"_edit_use_anchors_": false
}

[node name="BaseLabel" type="Label" parent="Recipe/VBoxContainer"]
margin_top = 172.0
margin_right = 1365.0
margin_bottom = 257.0
custom_fonts/font = ExtResource( 71 )
text = "Basic: Item1, Item2, etc."
autowrap = true
__meta__ = {
"_edit_lock_": true,
"_edit_use_anchors_": false
}

[node name="MissingLabel" type="Label" parent="Recipe/VBoxContainer"]
margin_top = 261.0
margin_right = 1365.0
margin_bottom = 346.0
custom_fonts/font = ExtResource( 71 )
text = "Missing: "

[node name="ExtraLabel" type="Label" parent="Recipe/VBoxContainer"]
margin_top = 350.0
margin_right = 1365.0
margin_bottom = 435.0
custom_fonts/font = ExtResource( 71 )
text = "Extra: Extra1, Extra2, etc."
autowrap = true

[node name="SubLabel" type="Label" parent="Recipe/VBoxContainer"]
margin_top = 439.0
margin_right = 1365.0
margin_bottom = 524.0
custom_fonts/font = ExtResource( 71 )
text = "Substitution: Sub1, Sub2, etc."
autowrap = true

[node name="RemoveButton" type="Button" parent="Recipe"]
margin_left = 29.0
margin_top = 660.0
margin_right = 382.0
margin_bottom = 733.0
__meta__ = {
"_edit_use_anchors_": false
}

[node name="Label" type="Label" parent="Recipe/RemoveButton"]
margin_right = 356.0
margin_bottom = 85.0
custom_fonts/font = ExtResource( 71 )
text = "Remove Item"
align = 1
__meta__ = {
"_edit_lock_": true,
"_edit_use_anchors_": false
}

[node name="SubButton" type="Button" parent="Recipe"]
margin_left = 489.0
margin_top = 661.0
margin_right = 937.0
margin_bottom = 734.0
__meta__ = {
"_edit_use_anchors_": false
}

[node name="Label" type="Label" parent="Recipe/SubButton"]
margin_right = 447.0
margin_bottom = 85.0
custom_fonts/font = ExtResource( 71 )
text = "Make Substitution"
align = 1
__meta__ = {
"_edit_lock_": true,
"_edit_use_anchors_": false
}

[node name="SubmitButton" type="Button" parent="Recipe"]
margin_left = 1074.0
margin_top = 662.0
margin_right = 1355.0
margin_bottom = 735.0
disabled = true
__meta__ = {
"_edit_use_anchors_": false
}

[node name="Label" type="Label" parent="Recipe/SubmitButton"]
margin_right = 279.0
margin_bottom = 85.0
custom_fonts/font = ExtResource( 71 )
text = "Submit"
align = 1
__meta__ = {
"_edit_lock_": true,
"_edit_use_anchors_": false
}

[node name="CloseRecipeButton" type="TextureButton" parent="Recipe"]
margin_left = 1254.0
margin_top = 7.0
margin_right = 1396.0
margin_bottom = 173.0
texture_normal = ExtResource( 78 )
expand = true
stretch_mode = 4
__meta__ = {
"_edit_use_anchors_": false
}

[node name="RemoveMenu" type="PopupMenu" parent="Recipe"]
margin_left = 352.0
margin_top = -1.0
margin_right = 1025.0
margin_bottom = 770.0
custom_fonts/font = ExtResource( 21 )
allow_search = true
__meta__ = {
"_edit_use_anchors_": false
}

[node name="SubMenu" type="PopupMenu" parent="Recipe"]
anchor_left = 0.491
anchor_top = 0.502
anchor_right = 0.491
anchor_bottom = 0.502
margin_left = -333.855
margin_top = -380.532
margin_right = 333.145
margin_bottom = 380.468
theme = ExtResource( 73 )
custom_fonts/font = ExtResource( 21 )
hide_on_checkable_item_selection = false
__meta__ = {
"_edit_use_anchors_": false
}

[node name="Evaluation" type="Control" parent="."]
visible = false
margin_left = 89.0
margin_top = 65.0
margin_right = 1490.0
margin_bottom = 837.0

[node name="ColorRect" type="ColorRect" parent="Evaluation"]
margin_left = -4.0
margin_right = 1399.0
margin_bottom = 769.0
color = Color( 0.0901961, 0.407843, 0.576471, 1 )
__meta__ = {
"_edit_use_anchors_": false
}

[node name="VBoxContainer" type="VBoxContainer" parent="Evaluation"]
anchor_right = 1.0
anchor_bottom = 1.0
margin_left = 20.0
margin_right = -20.0
__meta__ = {
"_edit_use_anchors_": false
}

[node name="RecipeLabel" type="Label" parent="Evaluation/VBoxContainer"]
margin_right = 1361.0
margin_bottom = 168.0
custom_fonts/font = ExtResource( 72 )
text = "Recipe"
align = 1
__meta__ = {
"_edit_use_anchors_": false
}

[node name="GoodExtrasLabel" type="Label" parent="Evaluation/VBoxContainer"]
margin_top = 172.0
margin_right = 1361.0
margin_bottom = 257.0
custom_fonts/font = ExtResource( 71 )
text = "Good extras: Item1, Item2, etc."
autowrap = true
__meta__ = {
"_edit_lock_": true,
"_edit_use_anchors_": false
}

[node name="BadExtrasLabel" type="Label" parent="Evaluation/VBoxContainer"]
margin_top = 261.0
margin_right = 1361.0
margin_bottom = 346.0
custom_fonts/font = ExtResource( 71 )
text = "Bad extras: Item1, Item2, etc."

[node name="SubLabel" type="Label" parent="Evaluation/VBoxContainer"]
margin_top = 350.0
margin_right = 1361.0
margin_bottom = 435.0
custom_fonts/font = ExtResource( 71 )
text = "Substitution: Sub1, Sub2, etc."
autowrap = true

[node name="Commentlabel" type="Label" parent="Evaluation/VBoxContainer"]
margin_top = 439.0
margin_right = 1361.0
margin_bottom = 524.0
custom_fonts/font = ExtResource( 71 )
text = "Comments: Edible?"
autowrap = true

[node name="RetryButton" type="Button" parent="Evaluation"]
margin_left = 51.0
margin_top = 627.0
margin_right = 263.0
margin_bottom = 718.0

[node name="Label" type="Label" parent="Evaluation/RetryButton"]
margin_right = 210.0
margin_bottom = 85.0
custom_fonts/font = ExtResource( 71 )
text = "Retry"
align = 1
__meta__ = {
"_edit_lock_": true
}

[node name="NextRecipeButton" type="Button" parent="Evaluation"]
margin_left = 1023.0
margin_top = 634.0
margin_right = 1358.0
margin_bottom = 724.0

[node name="Label" type="Label" parent="Evaluation/NextRecipeButton"]
margin_right = 336.0
margin_bottom = 90.0
custom_colors/font_color = Color( 1, 1, 1, 1 )
custom_fonts/font = ExtResource( 71 )
text = "Next Recipe"
align = 1
__meta__ = {
"_edit_lock_": true
}

[node name="LevelStart" type="Popup" parent="."]
margin_left = 88.0
margin_top = 68.0
margin_right = 1489.0
margin_bottom = 838.0

[node name="ColorRect" type="ColorRect" parent="LevelStart"]
anchor_right = 1.0
anchor_bottom = 1.0
color = Color( 0.0901961, 0.407843, 0.576471, 1 )

[node name="VBoxContainer" type="VBoxContainer" parent="LevelStart"]
anchor_right = 1.0
margin_left = 14.0
margin_top = -1.0
margin_right = -26.0
margin_bottom = 523.0
__meta__ = {
"_edit_use_anchors_": false
}

[node name="RecipeLabel" type="Label" parent="LevelStart/VBoxContainer"]
margin_right = 1361.0
margin_bottom = 168.0
custom_fonts/font = ExtResource( 72 )
text = "Recipe"
align = 1
__meta__ = {
"_edit_use_anchors_": false
}

[node name="MissingLabel" type="Label" parent="LevelStart/VBoxContainer"]
margin_top = 172.0
margin_right = 1361.0
margin_bottom = 257.0
custom_fonts/font = ExtResource( 71 )
text = "Missing: "

[node name="CommentLabel" type="Label" parent="LevelStart/VBoxContainer"]
margin_top = 261.0
margin_right = 1361.0
margin_bottom = 346.0
custom_fonts/font = ExtResource( 71 )
text = "Comment: Sub1, Sub2, etc."
autowrap = true

[node name="CloseLevelStartButton" type="Button" parent="LevelStart"]
margin_left = 549.0
margin_top = 630.0
margin_right = 854.0
margin_bottom = 720.0

[node name="Label" type="Label" parent="LevelStart/CloseLevelStartButton"]
margin_right = 306.0
margin_bottom = 85.0
custom_fonts/font = ExtResource( 71 )
text = "Start"
align = 1

[node name="MusicPlayer" type="AudioStreamPlayer" parent="."]
stream = ExtResource( 74 )
autoplay = true
bus = "Music"

[node name="VaPlayer" type="AudioStreamPlayer" parent="."]
bus = "Voice"
script = ExtResource( 82 )

[node name="RecipeInfo" parent="." instance=ExtResource( 77 )]

[node name="AccessibilityPlayer" type="AudioStreamPlayer" parent="."]
bus = "Voice"
script = ExtResource( 82 )

[node name="SFXPlayer" type="AudioStreamPlayer" parent="."]
bus = "SFX"
script = ExtResource( 82 )

[node name="AchievementNotifications" type="Control" parent="."]
margin_right = 40.0
margin_bottom = 40.0
script = ExtResource( 85 )
__meta__ = {
"_edit_use_anchors_": false
}

[connection signal="input_event" from="Table Area" to="." method="_on_TableArea_input_event"]
[connection signal="mouse_entered" from="Table Area" to="." method="_on_TableArea_mouse_entered"]
[connection signal="input_event" from="Pantry Area" to="." method="_on_PantryArea_input_event"]
[connection signal="mouse_entered" from="Pantry Area" to="." method="_on_PantryArea_mouse_entered"]
[connection signal="input_event" from="Fridge Area" to="." method="_on_FridgeArea_input_event"]
[connection signal="mouse_entered" from="Fridge Area" to="." method="_on_FridgeArea_mouse_entered"]
[connection signal="mouse_entered" from="RecipeButton" to="." method="_on_RecipeButton_mouse_entered"]
[connection signal="pressed" from="RecipeButton" to="." method="_on_RecipeButton_pressed"]
[connection signal="mouse_entered" from="StartButton" to="." method="_on_StartButton_mouse_entered"]
[connection signal="pressed" from="StartButton" to="." method="_on_StartButton_pressed"]
[connection signal="mouse_entered" from="Table View/CloseTableButton" to="." method="_on_CloseTableButton_mouse_entered"]
[connection signal="pressed" from="Table View/CloseTableButton" to="." method="_on_CloseTableButton_pressed"]
[connection signal="mouse_entered" from="Pantry View/ClosePantryButton" to="." method="_on_ClosePantryButton_mouse_entered"]
[connection signal="pressed" from="Pantry View/ClosePantryButton" to="." method="_on_ClosePantryButton_pressed"]
[connection signal="mouse_entered" from="Fridge View/CloseFridgeButton" to="." method="_on_CloseFridgeButton_mouse_entered"]
[connection signal="pressed" from="Fridge View/CloseFridgeButton" to="." method="_on_CloseFridgeButton_pressed"]
[connection signal="mouse_entered" from="IngredientPopup/CancelButton" to="." method="_on_CancelButton_mouse_entered"]
[connection signal="pressed" from="IngredientPopup/CancelButton" to="." method="_on_CancelButton_pressed"]
[connection signal="mouse_entered" from="IngredientPopup/AddButton" to="." method="_on_AddButton_mouse_entered"]
[connection signal="pressed" from="IngredientPopup/AddButton" to="." method="_on_AddButton_pressed"]
[connection signal="mouse_entered" from="Recipe/RemoveButton" to="." method="_on_RemoveButton_mouse_entered"]
[connection signal="pressed" from="Recipe/RemoveButton" to="." method="_on_RemoveButton_pressed"]
[connection signal="mouse_entered" from="Recipe/SubButton" to="." method="_on_SubButton_mouse_entered"]
[connection signal="pressed" from="Recipe/SubButton" to="." method="_on_SubButton_pressed"]
[connection signal="mouse_entered" from="Recipe/SubmitButton" to="." method="_on_SubmitButton_mouse_entered"]
[connection signal="pressed" from="Recipe/SubmitButton" to="." method="_on_SubmitButton_pressed"]
[connection signal="mouse_entered" from="Recipe/CloseRecipeButton" to="." method="_on_CloseRecipeButton_mouse_entered"]
[connection signal="pressed" from="Recipe/CloseRecipeButton" to="." method="_on_CloseRecipeButton_pressed"]
[connection signal="id_focused" from="Recipe/RemoveMenu" to="." method="_on_RemoveMenu_id_focused"]
[connection signal="id_pressed" from="Recipe/RemoveMenu" to="." method="_on_RemoveMenu_id_pressed"]
[connection signal="id_focused" from="Recipe/SubMenu" to="." method="_on_SubMenu_id_focused"]
[connection signal="id_pressed" from="Recipe/SubMenu" to="." method="_on_SubMenu_id_pressed"]
[connection signal="mouse_entered" from="Evaluation/RetryButton" to="." method="_on_RetryButton_mouse_entered"]
[connection signal="pressed" from="Evaluation/RetryButton" to="." method="_on_RetryButton_pressed"]
[connection signal="mouse_entered" from="Evaluation/NextRecipeButton" to="." method="_on_NextRecipeButton_mouse_entered"]
[connection signal="pressed" from="Evaluation/NextRecipeButton" to="." method="_on_NextRecipeButton_pressed"]
[connection signal="pressed" from="LevelStart/CloseLevelStartButton" to="." method="_on_CloseLevelStartButton_pressed"]
